@article{Shuryak:1980tp,
    author = "Shuryak, Edward V.",
    title = "{Quantum Chromodynamics and the Theory of Superdense Matter}",
    doi = "10.1016/0370-1573(80)90105-2",
    journal = "Phys. Rept.",
    volume = "61",
    pages = "71--158",
    year = "1980"
}


@article{Satz:2011wf,
    author = "Satz, Helmut",
    editor = "Ghosh, Premomoy and Nayak, Tapan and Varma, Raghava",
    title = "{The Quark-Gluon Plasma: A Short Introduction}",
    eprint = "1101.3937",
    archivePrefix = "arXiv",
    primaryClass = "hep-ph",
    reportNumber = "BI-TP-2011-02",
    doi = "10.1016/j.nuclphysa.2011.05.014",
    journal = "Nucl. Phys. A",
    volume = "862-863",
    pages = "4--12",
    year = "2011"
}


@article{Satz:2000bn,
    author = "Satz, Helmut",
    title = "{Color deconfinement in nuclear collisions}",
    eprint = "hep-ph/0007069",
    archivePrefix = "arXiv",
    reportNumber = "BI-TP-2000-23",
    doi = "10.1088/0034-4885/63/9/203",
    journal = "Rept. Prog. Phys.",
    volume = "63",
    pages = "1511",
    year = "2000"
}


@article{Matsui:1986dk,
    author = "Matsui, T. and Satz, H.",
    title = "{$J/\psi$ Suppression by Quark-Gluon Plasma Formation}",
    reportNumber = "BNL-38344",
    doi = "10.1016/0370-2693(86)91404-8",
    journal = "Phys. Lett. B",
    volume = "178",
    pages = "416--422",
    year = "1986"
}


@article{Kluberg:2005yh,
    author = "Kluberg, L.",
    editor = "Lourenco, C. and Satz, H.",
    title = "{20 years of J/psi suppression at the CERN SPS: Results from experiments NA38, NA51 and NA50}",
    doi = "10.1140/epjc/s2005-02245-6",
    journal = "Eur. Phys. J. C",
    volume = "43",
    pages = "145--156",
    year = "2005"
}


@article{Nason:1987xz,
    author = "Nason, P. and Dawson, S. and Ellis, R. Keith",
    title = "{The Total Cross-Section for the Production of Heavy Quarks in Hadronic Collisions}",
    reportNumber = "FERMILAB-PUB-87-222-T, BNL-40718",
    doi = "10.1016/0550-3213(88)90422-1",
    journal = "Nucl. Phys. B",
    volume = "303",
    pages = "607--633",
    year = "1988"
}


@article{Nason:1989zy,
    author = "Nason, P. and Dawson, S. and Ellis, R. Keith",
    title = "{The One Particle Inclusive Differential Cross-Section for Heavy Quark Production in Hadronic Collisions}",
    reportNumber = "ETH-PT-89-2, FERMILAB-PUB-89-091-T, BNL-42398",
    doi = "10.1016/0550-3213(89)90286-1",
    journal = "Nucl. Phys. B",
    volume = "327",
    pages = "49--92",
    year = "1989",
    note = "[Erratum: Nucl.Phys.B 335, 260--260 (1990)]"
}


@article{Bodwin:1994jh,
    author = "Bodwin, Geoffrey T. and Braaten, Eric and Lepage, G. Peter",
    title = "{Rigorous QCD analysis of inclusive annihilation and production of heavy quarkonium}",
    eprint = "hep-ph/9407339",
    archivePrefix = "arXiv",
    reportNumber = "ANL-HEP-PR-94-24, FERMILAB-PUB-94-073-T, NUHEP-TH-94-5",
    doi = "10.1103/PhysRevD.55.5853",
    journal = "Phys. Rev. D",
    volume = "51",
    pages = "1125--1171",
    year = "1995",
    note = "[Erratum: Phys.Rev.D 55, 5853 (1997)]"
}


@article{Brambilla:2004wf,
    author = "Brambilla, N. and others",
    collaboration = "Quarkonium Working Group",
    title = "{Heavy quarkonium physics}",
    eprint = "hep-ph/0412158",
    archivePrefix = "arXiv",
    reportNumber = "CERN-2005-005",
    doi = "10.5170/CERN-2005-005",
    month = "12",
    year = "2004"
}


@article{Einhorn:1975ua,
    author = "Einhorn, M. B. and Ellis, S. D.",
    title = "{Hadronic Production of the New Resonances: Probing Gluon Distributions}",
    reportNumber = "FERMILAB-PUB-75-017-THY, FERMILAB-PUB-75-017-T",
    doi = "10.1103/PhysRevD.12.2007",
    journal = "Phys. Rev. D",
    volume = "12",
    pages = "2007",
    year = "1975"
}


@article{Ellis:1976fj,
    author = "Ellis, S. D. and Einhorn, Martin B. and Quigg, C.",
    title = "{Comment on Hadronic Production of Psions}",
    reportNumber = "FERMILAB-PUB-76-029-THY, FERMILAB-PUB-76-029-T",
    doi = "10.1103/PhysRevLett.36.1263",
    journal = "Phys. Rev. Lett.",
    volume = "36",
    pages = "1263",
    year = "1976"
}


@article{Carlson:1976cd,
    author = "Carlson, C. E. and Suaya, R.",
    title = "{Hadronic Production of psi/J Mesons}",
    reportNumber = "WM-PP-10",
    doi = "10.1103/PhysRevD.14.3115",
    journal = "Phys. Rev. D",
    volume = "14",
    pages = "3115",
    year = "1976"
}


@article{Berger:1980ni,
    author = "Berger, Edmond L. and Jones, Daniel L.",
    title = "{Inelastic Photoproduction of J/psi and Upsilon by Gluons}",
    reportNumber = "ANL-HEP-PR-80-72",
    doi = "10.1103/PhysRevD.23.1521",
    journal = "Phys. Rev. D",
    volume = "23",
    pages = "1521--1530",
    year = "1981"
}


@phdthesis{Schuler:1994hy,
    author = "Schuler, Gerhard A.",
    title = "{Quarkonium production and decays}",
    eprint = "hep-ph/9403387",
    archivePrefix = "arXiv",
    reportNumber = "CERN-TH-7170-94, TH-1994-042",
    school = "Hamburg U.",
    year = "1994"
}


@article{Artoisenet:2007xi,
    author = "Artoisenet, P. and Lansberg, J. P. and Maltoni, F.",
    title = "{Hadroproduction of $J/\psi$ and $\Upsilon$ in association with a heavy-quark pair}",
    eprint = "hep-ph/0703129",
    archivePrefix = "arXiv",
    doi = "10.1016/j.physletb.2007.04.031",
    journal = "Phys. Lett. B",
    volume = "653",
    pages = "60--66",
    year = "2007"
}


@article{Campbell:2007ws,
    author = "Campbell, John M. and Maltoni, F. and Tramontano, F.",
    title = "{QCD corrections to J/psi and Upsilon production at hadron colliders}",
    eprint = "hep-ph/0703113",
    archivePrefix = "arXiv",
    doi = "10.1103/PhysRevLett.98.252002",
    journal = "Phys. Rev. Lett.",
    volume = "98",
    pages = "252002",
    year = "2007"
}


@article{Artoisenet:2008fc,
    author = "Artoisenet, P. and Campbell, John M. and Lansberg, J. P. and Maltoni, F. and Tramontano, F.",
    title = "{$\Upsilon$ Production at Fermilab Tevatron and LHC Energies}",
    eprint = "0806.3282",
    archivePrefix = "arXiv",
    primaryClass = "hep-ph",
    reportNumber = "CP3-08-17, DSF-16-08",
    doi = "10.1103/PhysRevLett.101.152001",
    journal = "Phys. Rev. Lett.",
    volume = "101",
    pages = "152001",
    year = "2008"
}


@article{Fritzsch:1977ay,
    author = "Fritzsch, Harald",
    title = "{Producing Heavy Quark Flavors in Hadronic Collisions: A Test of Quantum Chromodynamics}",
    reportNumber = "CALT-68-582",
    doi = "10.1016/0370-2693(77)90108-3",
    journal = "Phys. Lett. B",
    volume = "67",
    pages = "217--221",
    year = "1977"
}


@article{Amundson:1995em,
    author = "Amundson, J. F. and Eboli, Oscar J. P. and Gregores, E. M. and Halzen, F.",
    title = "{Colorless states in perturbative QCD: Charmonium and rapidity gaps}",
    eprint = "hep-ph/9512248",
    archivePrefix = "arXiv",
    reportNumber = "MADPH-95-919",
    doi = "10.1016/0370-2693(96)00035-4",
    journal = "Phys. Lett. B",
    volume = "372",
    pages = "127--132",
    year = "1996"
}


@article{Amundson:1996qr,
    author = "Amundson, J. F. and Eboli, Oscar J. P. and Gregores, E. M. and Halzen, F.",
    title = "{Quantitative tests of color evaporation: Charmonium production}",
    eprint = "hep-ph/9605295",
    archivePrefix = "arXiv",
    reportNumber = "MADPH-96-942",
    doi = "10.1016/S0370-2693(96)01417-7",
    journal = "Phys. Lett. B",
    volume = "390",
    pages = "323--328",
    year = "1997"
}


@article{Lai:2010vv,
     author = "Lai, Hung-Liang and Guzzi, Marco an dHuston, Joey and Li, Zhao and Nadolsky, Pavel M. and Pumplin, Jon and Yuan, C. -P.", 
    title = "{New parton distributions for collider physics}",
    eprint = "1007.2241",
    archivePrefix = "arXiv",
    primaryClass = "hep-ph",
    reportNumber = "MSUHEP-100707, SMU-HEP-10-10",
    doi = "10.1103/PhysRevD.82.074024",
    journal = "Phys. Rev. D", i
    volume = "82", 
    pages = "074024",
    year = "2010"
}


@article{Nelson:2012bc,
    author = "Nelson, R. E. and Vogt, R. and Frawley, A. D.",
    title = "{Narrowing the uncertainty on the total charm cross section and its effect on the J/\ensuremath{\psi} cross section}",
    eprint = "1210.4610",
    archivePrefix = "arXiv",
    primaryClass = "hep-ph",
    doi = "10.1103/PhysRevC.87.014908",
    journal = "Phys. Rev. C",
    volume = "87",
    number = "1",
    pages = "014908",
    year = "2013"
}

@article{Cacciari:2005rk,
    author = "Cacciari, Matteo and Nason, Paolo and Vogt, Ramona",
    title = "{QCD predictions for charm and bottom production at RHIC}",
    eprint = "hep-ph/0502203",
    archivePrefix = "arXiv",
    reportNumber = "LPTHE-05-03, BIOCOCCA-FT-05-4, LBNL-57063, BICOCCA-FT-05-4",
    doi = "10.1103/PhysRevLett.95.122001",
    journal = "Phys. Rev. Lett.",
    volume = "95",
    pages = "122001",
    year = "2005"
}


@article{Eskola:2009uj,
    author = "Eskola, K. J. and Paukkunen, H. and Salgado, C. A.",
    title = "{EPS09: A New Generation of NLO and LO Nuclear Parton Distribution Functions}",
    eprint = "0902.4154",
    archivePrefix = "arXiv",
    primaryClass = "hep-ph",
    doi = "10.1088/1126-6708/2009/04/065",
    journal = "JHEP",
    volume = "04",
    pages = "065",
    year = "2009"
}


@article{Kumar:2012qx,
    author = "Kumar, V. and Shukla, P. and Vogt, R.",
    title = "{Components of the dilepton continuum in Pb+Pb collisions at $\sqrt{s_{_{NN}}} = 2.76 $ TeV}",
    eprint = "1205.3860",
    archivePrefix = "arXiv",
    primaryClass = "hep-ph",
    doi = "10.1103/PhysRevC.86.054907",
    journal = "Phys. Rev. C",
    volume = "86",
    pages = "054907",
    year = "2012"
}


@article{Chatrchyan:2011sx,
    author = "Chatrchyan, Serguei and others",
    collaboration = "CMS",
    title = "{Observation and studies of jet quenching in PbPb collisions at nucleon-nucleon center-of-mass energy = 2.76 TeV}",
    eprint = "1102.1957",
    archivePrefix = "arXiv",
    primaryClass = "nucl-ex",
    reportNumber = "CERN-PH-EP-2011-001, CMS-HIN-10-004",
    doi = "10.1103/PhysRevC.84.024906",
    journal = "Phys. Rev. C",
    volume = "84",
    pages = "024906",
    year = "2011"
}


@book{Povh:1995mua,
    author = "Povh, B. and Rith, K. and Scholz, C. and Zersche, F. and Rodejohann, Werner",
    title = "{Particles and nuclei: An Introduction to the physical concepts}",
    doi = "10.1007/3-540-36684-9",
    isbn = "978-3-662-46320-8, 978-3-662-46321-5",
    publisher = "Springer",
    series = "Graduate Texts in Physics",
    year = "1995"
}


@article{Ikhdair:2005jf,
    author = "Ikhdair, Sameer M. and Sever, Ramazan",
    title = "{A Systematic study on nonrelativistic quarkonium interaction}",
    eprint = "hep-ph/0508144",
    archivePrefix = "arXiv",
    doi = "10.1142/S0217751X06030953",
    journal = "Int. J. Mod. Phys. A",
    volume = "21",
    pages = "3989--4002",
    year = "2006"
}


@article{Sirunyan:2017isk,
    author = "Sirunyan, Albert M and others",
    collaboration = "CMS",
    title = "{Measurement of prompt and nonprompt charmonium suppression in $\text {PbPb}$ collisions at 5.02 $\,\text {Te}\text {V}$}",
    eprint = "1712.08959",
    archivePrefix = "arXiv",
    primaryClass = "nucl-ex",
    reportNumber = "CMS-HIN-16-025, CERN-EP-2017-308",
    doi = "10.1140/epjc/s10052-018-5950-6",
    journal = "Eur. Phys. J. C",
    volume = "78",
    number = "6",
    pages = "509",
    year = "2018"
}


@article{Sirunyan:2018nsz,
    author = "Sirunyan, Albert M and others",
    collaboration = "CMS",
    title = "{Measurement of nuclear modification factors of $\Upsilon$(1S), $\Upsilon$(2S), and $\Upsilon$(3S) mesons in PbPb collisions at $\sqrt{s_{_\mathrm{NN}}} =$ 5.02 TeV}",
    eprint = "1805.09215",
    archivePrefix = "arXiv",
    primaryClass = "hep-ex",
    reportNumber = "CMS-HIN-16-023, CERN-EP-2018-110",
    doi = "10.1016/j.physletb.2019.01.006",
    journal = "Phys. Lett. B",
    volume = "790",
    pages = "270--293",
    year = "2019"
}


@article{Acharya:2019iur,
    author = "Acharya, Shreyasi and others",
    collaboration = "ALICE",
    title = "{Studies of J/$\psi$ production at forward rapidity in Pb-Pb collisions at $\sqrt{s_{\rm{NN}}}$ = 5.02 TeV}",
    eprint = "1909.03158",
    archivePrefix = "arXiv",
    primaryClass = "nucl-ex",
    reportNumber = "CERN-EP-2019-187",
    doi = "10.1007/JHEP02(2020)041",
    journal = "JHEP",
    volume = "02",
    pages = "041",
    year = "2020"
}


@article{Acharya:2018mni,
    author = "Acharya, Shreyasi and others",
    collaboration = "ALICE",
    title = "{$\Upsilon$ suppression at forward rapidity in Pb-Pb collisions at $\sqrt{s_{\rm NN}}$ = 5.02 TeV}",
    eprint = "1805.04387",
    archivePrefix = "arXiv",
    primaryClass = "nucl-ex",
    reportNumber = "CERN-EP-2018-114",
    doi = "10.1016/j.physletb.2018.11.067",
    journal = "Phys. Lett. B",
    volume = "790",
    pages = "89--101",
    year = "2019"
}


@article{Strickland:2011mw,
    author = "Strickland, Michael",
    title = "{Thermal $\upsilon_{1s}$ and chi\_b1 suppression in $\sqrt{s_{NN}}=2.76$ TeV Pb-Pb collisions at the LHC}",
    eprint = "1106.2571",
    archivePrefix = "arXiv",
    primaryClass = "hep-ph",
    doi = "10.1103/PhysRevLett.107.132301",
    journal = "Phys. Rev. Lett.",
    volume = "107",
    pages = "132301",
    year = "2011"
}


@article{Song:2011nu,
    author = "Song, Taesoo and Han, Kyong Chol and Ko, Che Ming",
    title = "{Bottomonia suppression in heavy-ion collisions}",
    eprint = "1109.6691",
    archivePrefix = "arXiv",
    primaryClass = "nucl-th",
    doi = "10.1103/PhysRevC.85.014902",
    journal = "Phys. Rev. C",
    volume = "85",
    pages = "014902",
    year = "2012"
}


@article{Kumar:2014kfa,
    author = "Kumar, Vineet and Shukla, Prashant and Vogt, Ramona",
    title = "{Quarkonia suppression in PbPb collisions at $\sqrt{s_{NN}}$ = 2.76 TeV}",
    eprint = "1410.3299",
    archivePrefix = "arXiv",
    primaryClass = "hep-ph",
    doi = "10.1103/PhysRevC.92.024908",
    journal = "Phys. Rev. C",
    volume = "92",
    number = "2",
    pages = "024908",
    year = "2015"
}


@article{Kumar:2019xdj,
    author = "Kumar, Vineet and Shukla, Prashant and Bhattacharyya, Abhijit",
    title = "{Suppression of quarkonia in PbPb collisions at $\sqrt{s_{NN}}=$ 5.02 TeV}",
    eprint = "1909.10785",
    archivePrefix = "arXiv",
    primaryClass = "hep-ph",
    doi = "10.1088/1361-6471/ab51cf",
    journal = "J. Phys. G",
    volume = "47",
    number = "1",
    pages = "015104",
    year = "2020"
}


@article{Brambilla:2014jmp,
    author = "Brambilla, N. and others",
    title = "{QCD and Strongly Coupled Gauge Theories: Challenges and Perspectives}",
    eprint = "1404.3723",
    archivePrefix = "arXiv",
    primaryClass = "hep-ph",
    reportNumber = "CCQCN-2014-24, CCTP-2014-5, CERN-PH-TH-2014-033, DF-1-2014, HIP-2014-03-TH, ITEP-LAT-2014-1, JLAB-THY-14-1865, MITP-14-016, NT@UW-14-04, RUB-TPII-01-2014, TUM-EFT-46-14, FERMILAB-PUB-14-024-T, LLNL-JRNL-651216, UWTHPH-2014-006",
    doi = "10.1140/epjc/s10052-014-2981-5",
    journal = "Eur. Phys. J. C",
    volume = "74",
    number = "10",
    pages = "2981",
    year = "2014"
}


@article{Domenech:1999qg,
    author = "Domenech, J. L. and Sanchis-Lozano, M. A.",
    title = "{Bottomonium production at the Tevatron and the LHC}",
    eprint = "hep-ph/9911332",
    archivePrefix = "arXiv",
    reportNumber = "IFIC-99-73A, FTUV-99-76, IFIC-99-73",
    doi = "10.1016/S0370-2693(00)00119-2",
    journal = "Phys. Lett. B",
    volume = "476",
    pages = "65--72",
    year = "2000"
}


@article{Domenech:2000ri,
    author = "Domenech, J. L. and Sanchis-Lozano, M. A.",
    title = "{Results from bottomonia production at the Tevatron and prospects for the LHC}",
    eprint = "hep-ph/0012296",
    archivePrefix = "arXiv",
    reportNumber = "IFIC-00-87, FTUV-00-1221",
    doi = "10.1016/S0550-3213(01)00053-0",
    journal = "Nucl. Phys. B",
    volume = "601",
    pages = "395--421",
    year = "2001"
}


@article{Gong:2010bk,
    author = "Gong, Bin and Wang, Jian-Xiong and Zhang, Hong-Fei",
    title = "{QCD corrections to $\Upsilon$ production via color-octet states at the Tevatron and LHC}",
    eprint = "1009.3839",
    archivePrefix = "arXiv",
    primaryClass = "hep-ph",
    doi = "10.1103/PhysRevD.83.114021",
    journal = "Phys. Rev. D",
    volume = "83",
    pages = "114021",
    year = "2011"
}


@article{Sharma:2012dy,
    author = "Sharma, Rishi and Vitev, Ivan",
    title = "{High transverse momentum quarkonium production and dissociation in heavy ion collisions}",
    eprint = "1203.0329",
    archivePrefix = "arXiv",
    primaryClass = "hep-ph",
    doi = "10.1103/PhysRevC.87.044905",
    journal = "Phys. Rev. C",
    volume = "87",
    number = "4",
    pages = "044905",
    year = "2013"
}


@article{Sun:2012vc,
    author = "Sun, Peng and Yuan, C. -P. and Yuan, Feng",
    title = "{Heavy Quarkonium Production at Low Pt in NRQCD with Soft Gluon Resummation}",
    eprint = "1210.3432",
    archivePrefix = "arXiv",
    primaryClass = "hep-ph",
    doi = "10.1103/PhysRevD.88.054008",
    journal = "Phys. Rev. D",
    volume = "88",
    pages = "054008",
    year = "2013"
}


@article{Gong:2013qka,
    author = "Gong, Bin and Wan, Lu-Ping and Wang, Jian-Xiong and Zhang, Hong-Fei",
    title = "{Complete next-to-leading-order study on the yield and polarization of $\Upsilon(1S,2S,3S)$ at the Tevatron and LHC}",
    eprint = "1305.0748",
    archivePrefix = "arXiv",
    primaryClass = "hep-ph",
    doi = "10.1103/PhysRevLett.112.032001",
    journal = "Phys. Rev. Lett.",
    volume = "112",
    number = "3",
    pages = "032001",
    year = "2014"
}


@article{Feng:2015wka,
    author = "Feng, Yu and Gong, Bin and Wan, Lu-Ping and Wang, Jian-Xiong",
    title = "{An updated study of $\Upsilon$ production and polarization at the Tevatron and LHC}",
    eprint = "1503.08439",
    archivePrefix = "arXiv",
    primaryClass = "hep-ph",
    doi = "10.1088/1674-1137/39/12/123102",
    journal = "Chin. Phys. C",
    volume = "39",
    number = "12",
    pages = "123102",
    year = "2015"
}


@article{Han:2014kxa,
    author = "Han, Hao and Ma, Yan-Qing and Meng, Ce and Shao, Hua-Sheng and Zhang, Yu-Jie and Chao, Kuang-Ta",
    title = "{$\Upsilon(nS)$ and $\chi_b(nP)$ production at hadron colliders in nonrelativistic QCD}",
    eprint = "1410.8537",
    archivePrefix = "arXiv",
    primaryClass = "hep-ph",
    doi = "10.1103/PhysRevD.94.014028",
    journal = "Phys. Rev. D",
    volume = "94",
    number = "1",
    pages = "014028",
    year = "2016"
}


@article{Yu:2017pot,
    author = "Yu, Gong-Ming and Cai, Yang-Bing and Li, Yun-De and Wang, Jian-Song",
    title = "{Heavy quarkonium photoproduction in ultrarelativistic heavy ion collisions}",
    eprint = "1703.03194",
    archivePrefix = "arXiv",
    primaryClass = "hep-ph",
    doi = "10.1103/PhysRevC.95.014905",
    journal = "Phys. Rev. C",
    volume = "95",
    number = "1",
    pages = "014905",
    year = "2017",
    note = "[Addendum: Phys.Rev.C 95, 069901 (2017)]"
}


@article{Acosta:2001gv,
    author = "Acosta, D. and others",
    collaboration = "CDF",
    title = "{$\Upsilon$ Production and Polarization in $p\bar{p}$ Collisions at $\sqrt{s}=$ 1.8-TeV}",
    reportNumber = "FERMILAB-PUB-01-355-E",
    doi = "10.1103/PhysRevLett.88.161802",
    journal = "Phys. Rev. Lett.",
    volume = "88",
    pages = "161802",
    year = "2002"
}


@article{LHCb:2012aa,
    author = "Aaij, R. and others",
    collaboration = "LHCb",
    title = "{Measurement of Upsilon production in pp collisions at $\sqrt{s}$ = 7 TeV}",
    eprint = "1202.6579",
    archivePrefix = "arXiv",
    primaryClass = "hep-ex",
    reportNumber = "CERN-PH-EP-2012-051, LHCB-PAPER-2011-036",
    doi = "10.1140/epjc/s10052-012-2025-y",
    journal = "Eur. Phys. J. C",
    volume = "72",
    pages = "2025",
    year = "2012"
}


@article{Khachatryan:2015qpa,
    author = "Khachatryan, Vardan and others",
    collaboration = "CMS",
    title = "{Measurements of the $\Upsilon$(1S), $\Upsilon$(2S), and $\Upsilon$(3S) differential cross sections in pp collisions at $\sqrt{s} =$ 7 TeV}",
    eprint = "1501.07750",
    archivePrefix = "arXiv",
    primaryClass = "hep-ex",
    reportNumber = "CMS-BPH-12-006, CERN-PH-EP-2015-007",
    doi = "10.1016/j.physletb.2015.07.037",
    journal = "Phys. Lett. B",
    volume = "749",
    pages = "14--34",
    year = "2015"
}


@article{Aad:2012dlq,
    author = "Aad, Georges and others",
    collaboration = "ATLAS",
    title = "{Measurement of Upsilon production in 7 TeV pp collisions at ATLAS}",
    eprint = "1211.7255",
    archivePrefix = "arXiv",
    primaryClass = "hep-ex",
    reportNumber = "CERN-PH-EP-2012-295",
    doi = "10.1103/PhysRevD.87.052004",
    journal = "Phys. Rev. D",
    volume = "87",
    number = "5",
    pages = "052004",
    year = "2013"
}


@article{Chatrchyan:2013yna,
    author = "Chatrchyan, Serguei and others",
    collaboration = "CMS",
    title = "{Measurement of the $\Upsilon(1S), \Upsilon(2S)$, and $\Upsilon(3S)$ Cross Sections in $pp$ Collisions at $\sqrt{s}$ = 7 TeV}",
    eprint = "1303.5900",
    archivePrefix = "arXiv",
    primaryClass = "hep-ex",
    reportNumber = "CMS-BPH-11-001, CERN-PH-EP-2012-373",
    doi = "10.1016/j.physletb.2013.10.033",
    journal = "Phys. Lett. B",
    volume = "727",
    pages = "101--125",
    year = "2013"
}


@article{Sirunyan:2017qdw,
    author = "Sirunyan, A. M. and others",
    collaboration = "CMS",
    title = "{Measurement of quarkonium production cross sections in pp collisions at $\sqrt{s}=$ 13 TeV}",
    eprint = "1710.11002",
    archivePrefix = "arXiv",
    primaryClass = "hep-ex",
    reportNumber = "CMS-BPH-15-005, CERN-EP-2017-267",
    doi = "10.1016/j.physletb.2018.02.033",
    journal = "Phys. Lett. B",
    volume = "780",
    pages = "251--272",
    year = "2018"
}


@article{Zyla:2020zbs,
    author = "Zyla, P. A. and others",
    collaboration = "Particle Data Group",
    title = "{Review of Particle Physics}",
    doi = "10.1093/ptep/ptaa104",
    journal = "PTEP",
    volume = "2020",
    number = "8",
    pages = "083C01",
    year = "2020"
}

@article{Kumar:2021sek,
    author = "Kumar, Vineet and Saha, Kinkar and Shukla, Prashant and Bhattacharyya, Abhijit",
    title = "{Bottomonia production in p + p collisions under NRQCD formalism}",
    eprint = "2106.00940",
    archivePrefix = "arXiv",
    primaryClass = "hep-ph",
    doi = "10.1016/j.nuclphysa.2021.122226",
    journal = "Nucl. Phys. A",
    volume = "1013",
    pages = "122226",
    year = "2021"
}


@article{Kumar:2016ojy,
    author = "Kumar, Vineet and Shukla, Prashant",
    title = "{Charmonia production in p + p collisions under NRQCD formalism}",
    eprint = "1606.08265",
    archivePrefix = "arXiv",
    primaryClass = "hep-ph",
    doi = "10.1088/1361-6471/aa7818",
    journal = "J. Phys. G",
    volume = "44",
    number = "8",
    pages = "085003",
    year = "2017"
}


@article{Baier:1983va,
    author = "Baier, R. and Ruckl, R.",
    title = "{Hadronic Collisions: A Quarkonium Factory}",
    reportNumber = "BI-TP 83/02",
    doi = "10.1007/BF01572254",
    journal = "Z. Phys. C",
    volume = "19",
    pages = "251",
    year = "1983"
}


@article{Humpert:1986cy,
    author = "Humpert, B.",
    title = "{NARROW HEAVY RESONANCE PRODUCTION BY GLUONS}",
    reportNumber = "CERN-TH-4551-86",
    doi = "10.1016/0370-2693(87)90496-5",
    journal = "Phys. Lett. B",
    volume = "184",
    pages = "105--107",
    year = "1987"
}


@article{Gastmans:1987be,
    author = "Gastmans, R. and Troost, W. and Wu, Tai Tsun",
    title = "{Production of Heavy Quarkonia From Gluons}",
    reportNumber = "KUL-TF-87/4",
    doi = "10.1016/0550-3213(87)90493-7",
    journal = "Nucl. Phys. B",
    volume = "291",
    pages = "731",
    year = "1987"
}


@article{Cho:1995vh,
    author = "Cho, Peter L. and Leibovich, Adam K.",
    title = "{Color octet quarkonia production}",
    eprint = "hep-ph/9505329",
    archivePrefix = "arXiv",
    reportNumber = "CALT-68-1988",
    doi = "10.1103/PhysRevD.53.150",
    journal = "Phys. Rev. D",
    volume = "53",
    pages = "150--162",
    year = "1996"
}


@article{Cho:1995ce,
    author = "Cho, Peter L. and Leibovich, Adam K.",
    title = "{Color octet quarkonia production. 2.}",
    eprint = "hep-ph/9511315",
    archivePrefix = "arXiv",
    reportNumber = "CALT-68-2026",
    doi = "10.1103/PhysRevD.53.6203",
    journal = "Phys. Rev. D",
    volume = "53",
    pages = "6203--6217",
    year = "1996"
}


@article{Hou:2019efy,
    author = "Hou, Tie-Jiun and others",
    title = "{New CTEQ global analysis of quantum chromodynamics with high-precision data from the LHC}",
    eprint = "1912.10053",
    archivePrefix = "arXiv",
    primaryClass = "hep-ph",
    reportNumber = "MSUHEP-19-025, PITT-PACC-1911, SMU-HEP-19-03",
    doi = "10.1103/PhysRevD.103.014013",
    journal = "Phys. Rev. D",
    volume = "103",
    number = "1",
    pages = "014013",
    year = "2021"
}


@article{Mocsy:2013syh,
    author = "Mocsy, Agnes and Petreczky, Peter and Strickland, Michael",
    title = "{Quarkonia in the Quark Gluon Plasma}",
    eprint = "1302.2180",
    archivePrefix = "arXiv",
    primaryClass = "hep-ph",
    doi = "10.1142/S0217751X13400125",
    journal = "Int. J. Mod. Phys. A",
    volume = "28",
    pages = "1340012",
    year = "2013"
}


@article{Thews:2000rj,
    author = "Thews, Robert L. and Schroedter, Martin and Rafelski, Johann",
    title = "{Enhanced $J/\psi$ production in deconfined quark matter}",
    eprint = "hep-ph/0007323",
    archivePrefix = "arXiv",
    doi = "10.1103/PhysRevC.63.054905",
    journal = "Phys. Rev. C",
    volume = "63",
    pages = "054905",
    year = "2001"
}


@article{Zhao:2011cv,
    author = "Zhao, Xingbo and Rapp, Ralf",
    title = "{Medium Modifications and Production of Charmonia at LHC}",
    eprint = "1102.2194",
    archivePrefix = "arXiv",
    primaryClass = "hep-ph",
    doi = "10.1016/j.nuclphysa.2011.05.001",
    journal = "Nucl. Phys. A",
    volume = "859",
    pages = "114--125",
    year = "2011"
}


@article{Huovinen:2009yb,
    author = "Huovinen, Pasi and Petreczky, Pter",
    title = "{QCD Equation of State and Hadron Resonance Gas}",
    eprint = "0912.2541",
    archivePrefix = "arXiv",
    primaryClass = "hep-ph",
    doi = "10.1016/j.nuclphysa.2010.02.015",
    journal = "Nucl. Phys. A",
    volume = "837",
    pages = "26--53",
    year = "2010"
}


@article{Aamodt:2010cz,
    author = "Aamodt, Kenneth and others",
    collaboration = "ALICE",
    title = "{Centrality dependence of the charged-particle multiplicity density at mid-rapidity in Pb-Pb collisions at $\sqrt{s_{NN}}=2.76$ TeV}",
    eprint = "1012.1657",
    archivePrefix = "arXiv",
    primaryClass = "nucl-ex",
    reportNumber = "CERN-PH-EP-2010-071",
    doi = "10.1103/PhysRevLett.106.032301",
    journal = "Phys. Rev. Lett.",
    volume = "106",
    pages = "032301",
    year = "2011"
}


@article{Chatrchyan:2011pb,
    author = "Chatrchyan, Serguei and others",
    collaboration = "CMS",
    title = "{Dependence on pseudorapidity and centrality of charged hadron production in PbPb collisions at a nucleon-nucleon centre-of-mass energy of 2.76 TeV}",
    eprint = "1107.4800",
    archivePrefix = "arXiv",
    primaryClass = "nucl-ex",
    reportNumber = "CERN-PH-EP-2011-092, CMS-HIN-10-001",
    doi = "10.1007/JHEP08(2011)141",
    journal = "JHEP",
    volume = "08",
    pages = "141",
    year = "2011"
}


@article{Shuryak:1992wc,
    author = "Shuryak, Edward V.",
    title = "{Two stage equilibration in high-energy heavy ion collisions}",
    doi = "10.1103/PhysRevLett.68.3270",
    journal = "Phys. Rev. Lett.",
    volume = "68",
    pages = "3270--3272",
    year = "1992"
}


@article{Abbas:2013bpa,
    author = "Abbas, Ehab and others",
    collaboration = "ALICE",
    title = "{Centrality dependence of the pseudorapidity density distribution for charged particles in Pb-Pb collisions at $\sqrt{s_{\rm NN}}$ = 2.76 TeV}",
    eprint = "1304.0347",
    archivePrefix = "arXiv",
    primaryClass = "nucl-ex",
    reportNumber = "CERN-PH-EP-2013-045",
    doi = "10.1016/j.physletb.2013.09.022",
    journal = "Phys. Lett. B",
    volume = "726",
    pages = "610--622",
    year = "2013"
}


@article{Bhanot:1979vb,
    author = "Bhanot, Gyan and Peskin, Michael E.",
    title = "{Short Distance Analysis for Heavy Quark Systems. 2. Applications}",
    reportNumber = "HUTP-79/A015",
    doi = "10.1016/0550-3213(79)90200-1",
    journal = "Nucl. Phys. B",
    volume = "156",
    pages = "391--416",
    year = "1979"
}


@article{Karsch:1987pv,
    author = "Karsch, F. and Mehr, M. T. and Satz, H.",
    title = "{Color Screening and Deconfinement for Bound States of Heavy Quarks}",
    reportNumber = "BNL-40122",
    doi = "10.1007/BF01549722",
    journal = "Z. Phys. C",
    volume = "37",
    pages = "617",
    year = "1988"
}


@article{Arleo:2001mp,
    author = "Arleo, F. and Gossiaux, P. B. and Gousset, T. and Aichelin, J.",
    title = "{Heavy quarkonium hadron cross-section in QCD at leading twist}",
    eprint = "hep-ph/0102095",
    archivePrefix = "arXiv",
    reportNumber = "SUBATECH-01-05",
    doi = "10.1103/PhysRevD.65.014005",
    journal = "Phys. Rev. D",
    volume = "65",
    pages = "014005",
    year = "2002"
}


@article{Thews:2005vj,
    author = "Thews, R. L. and Mangano, M. L.",
    title = "{Momentum spectra of charmonium produced in a quark-gluon plasma}",
    eprint = "nucl-th/0505055",
    archivePrefix = "arXiv",
    reportNumber = "CERN-PH-TH-2005-073",
    doi = "10.1103/PhysRevC.73.014904",
    journal = "Phys. Rev. C",
    volume = "73",
    pages = "014904",
    year = "2006"
}


@article{Chatrchyan:2012lxa,
    author = "Chatrchyan, Serguei and others",
    collaboration = "CMS",
    title = "{Observation of Sequential Upsilon Suppression in PbPb Collisions}",
    eprint = "1208.2826",
    archivePrefix = "arXiv",
    primaryClass = "nucl-ex",
    reportNumber = "CMS-HIN-11-011, CERN-PH-EP-2012-228",
    doi = "10.1103/PhysRevLett.109.222301",
    journal = "Phys. Rev. Lett.",
    volume = "109",
    pages = "222301",
    year = "2012",
    note = "[Erratum: Phys.Rev.Lett. 120, 199903 (2018)]"
}


@article{Abelev:2014nua,
    author = "Abelev, Betty Bezverkhny and others",
    collaboration = "ALICE",
    title = "{Suppression of $\Upsilon (1S)$ at forward rapidity in Pb-Pb collisions at $\sqrt{s_{\rm NN}} = 2.76$ TeV}",
    eprint = "1405.4493",
    archivePrefix = "arXiv",
    primaryClass = "nucl-ex",
    reportNumber = "CERN-PH-EP-2014-103, ALICE-PUBLIC-2014-001",
    doi = "10.1016/j.physletb.2014.10.001",
    journal = "Phys. Lett. B",
    volume = "738",
    pages = "361--372",
    year = "2014"
}


@article{CMS:2017ucd,
    collaboration = "CMS",
    title = "{Measurement of Nuclear Modification Factors of $\Upsilon\textrm{(nS)}$ Mesons in $\text{PbPb}$ Collisions at $\sqrt{s_{_{\text{NN}}}} = 5.02~\mathrm{TeV}$}",
    reportNumber = "CMS-PAS-HIN-16-023",
    year = "2017"
}


@article{Affolder:1999wm,
    author = "Affolder, T. and others",
    collaboration = "CDF",
    title = "{Production of $\Upsilon(1S)$ mesons from $\chi_b$ decays in $p\bar{p}$ collisions at $\sqrt{s} = 1.8$ TeV}",
    eprint = "hep-ex/9910025",
    archivePrefix = "arXiv",
    reportNumber = "FERMILAB-PUB-99-301-E, CDF-PUBLIC-BOTTOM-PUB-5058",
    doi = "10.1103/PhysRevLett.84.2094",
    journal = "Phys. Rev. Lett.",
    volume = "84",
    pages = "2094--2099",
    year = "2000"
}


@article{Strickland:2011aa,
    author = "Strickland, Michael and Bazow, Dennis",
    title = "{Thermal Bottomonium Suppression at RHIC and LHC}",
    eprint = "1112.2761",
    archivePrefix = "arXiv",
    primaryClass = "nucl-th",
    doi = "10.1016/j.nuclphysa.2012.02.003",
    journal = "Nucl. Phys. A",
    volume = "879",
    pages = "25--58",
    year = "2012"
}


@article{Vogt:1988fj,
    author = "Vogt, R. and Prakash, M. and Koch, P. and Hansson, T. H.",
    title = "{$J/\psi$ Interactions With Hot Hadronic Matter}",
    reportNumber = "Print-88-0183 (STONY BROOK)",
    doi = "10.1016/0370-2693(88)90572-2",
    journal = "Phys. Lett. B",
    volume = "207",
    pages = "263--268",
    year = "1988"
}


@article{Lourenco:2008sk,
    author = "Lourenco, Carlos and Vogt, Ramona and Woehri, Hermine K.",
    title = "{Energy dependence of J/psi absorption in proton-nucleus collisions}",
    eprint = "0901.3054",
    archivePrefix = "arXiv",
    primaryClass = "hep-ph",
    reportNumber = "CERN-PH-EP-2008-019",
    doi = "10.1088/1126-6708/2009/02/014",
    journal = "JHEP",
    volume = "02",
    pages = "014",
    year = "2009"
}


@article{Gluck:1991ey,
    author = "Gluck, M. and Reya, E. and Vogt, A.",
    title = "{Pionic parton distributions}",
    reportNumber = "DO-TH-91-16",
    doi = "10.1007/BF01559743",
    journal = "Z. Phys. C",
    volume = "53",
    pages = "651--656",
    year = "1992"
}


@article{Chatrchyan:2011pe,
    author = "Chatrchyan, Serguei and others",
    collaboration = "CMS",
    title = "{Indications of suppression of excited $\Upsilon$ states in PbPb collisions at $\sqrt{S_{NN}}$ = 2.76 TeV}",
    eprint = "1105.4894",
    archivePrefix = "arXiv",
    primaryClass = "nucl-ex",
    reportNumber = "CERN-PH-EP-2011-074, CMS-HIN-11-007",
    doi = "10.1103/PhysRevLett.107.052302",
    journal = "Phys. Rev. Lett.",
    volume = "107",
    pages = "052302",
    year = "2011"
}


@article{Chatrchyan:2012lxa,
    author = "Chatrchyan, Serguei and others",
    collaboration = "CMS",
    title = "{Observation of Sequential Upsilon Suppression in PbPb Collisions}",
    eprint = "1208.2826",
    archivePrefix = "arXiv",
    primaryClass = "nucl-ex",
    reportNumber = "CMS-HIN-11-011, CERN-PH-EP-2012-228",
    doi = "10.1103/PhysRevLett.109.222301",
    journal = "Phys. Rev. Lett.",
    volume = "109",
    pages = "222301",
    year = "2012",
    note = "[Erratum: Phys.Rev.Lett. 120, 199903 (2018)]"
}


@article{Abelev:2014nua,
    author = "Abelev, Betty Bezverkhny and others",
    collaboration = "ALICE",
    title = "{Suppression of $\Upsilon (1S)$ at forward rapidity in Pb-Pb collisions at $\sqrt{s_{\rm NN}} = 2.76$ TeV}",
    eprint = "1405.4493",
    archivePrefix = "arXiv",
    primaryClass = "nucl-ex",
    reportNumber = "CERN-PH-EP-2014-103, ALICE-PUBLIC-2014-001",
    doi = "10.1016/j.physletb.2014.10.001",
    journal = "Phys. Lett. B",
    volume = "738",
    pages = "361--372",
    year = "2014"
}


@article{Khachatryan:2016xxp,
    author = "Khachatryan, Vardan and others",
    collaboration = "CMS",
    title = "{Suppression of $\Upsilon(1S), \Upsilon(2S)$ and $\Upsilon(3S)$ production in PbPb collisions at $\sqrt{s_{\rm NN}}$ = 2.76 TeV}",
    eprint = "1611.01510",
    archivePrefix = "arXiv",
    primaryClass = "nucl-ex",
    reportNumber = "CMS-HIN-15-001, CERN-EP-2016-248",
    doi = "10.1016/j.physletb.2017.04.031",
    journal = "Phys. Lett. B",
    volume = "770",
    pages = "357--379",
    year = "2017"
}


@article{Sirunyan:2017lzi,
    author = "Sirunyan, Albert M and others",
    collaboration = "CMS",
    title = "{Suppression of Excited $\Upsilon$ States Relative to the Ground State in Pb-Pb Collisions at $\sqrt{s_\mathrm{NN}}$=5.02 TeV}",
    eprint = "1706.05984",
    archivePrefix = "arXiv",
    primaryClass = "hep-ex",
    reportNumber = "CMS-HIN-16-008, CERN-EP-2017-080",
    doi = "10.1103/PhysRevLett.120.142301",
    journal = "Phys. Rev. Lett.",
    volume = "120",
    number = "14",
    pages = "142301",
    year = "2018"
}


@article{Sirunyan:2018nsz,
    author = "Sirunyan, Albert M and others",
    collaboration = "CMS",
    title = "{Measurement of nuclear modification factors of $\Upsilon$(1S), $\Upsilon$(2S), and $\Upsilon$(3S) mesons in PbPb collisions at $\sqrt{s_{_\mathrm{NN}}} =$ 5.02 TeV}",
    eprint = "1805.09215",
    archivePrefix = "arXiv",
    primaryClass = "hep-ex",
    reportNumber = "CMS-HIN-16-023, CERN-EP-2018-110",
    doi = "10.1016/j.physletb.2019.01.006",
    journal = "Phys. Lett. B",
    volume = "790",
    pages = "270--293",
    year = "2019"
}

@article{Digal:2001ue,
author = "Digal, S. and Petreczky, P. and Satz, H.",
    title = "{Quarkonium feed-down and sequential suppression}",
    eprint = "0106017",
    archivePrefix = "hep-ph",
    primaryClass = "hep-ph",
    journal = "Phys. Rev. D",
    volume = "64",
    pages = "094015",
    year = "2001"
}

@article{Frawley:2008kk,
author = "Frawley, A. D. and Ullrich, T. and Vogt, R.",
    title = "{Heavy flavor in heavy-ion collisions at RHIC and RHIC II}",
    eprint = "0806.1013",
    archivePrefix = "arxiv",
    primaryClass = "nucl-ex",
    journal = "Phys. Rept.",
    volume = "462",
    pages = "125",
    year = "2008"
}

@article{Eskola:1998iy,
author=  "Eskola, K.J. and Kolhinen, V. J. and Ruuskanen, P. V.",
title="{Scale evolution of nuclear parton distributions}",
  eprint="9802350"
  archivePrefix = "hep-ph"
  journal = "Nucl. Phys.  B", 
  volume = "535", 
  pages = "351",
  year = "1998"
}


@article{Eskola:1998df,
author=  "Eskola, K. J. and Kolhinen, V. J. and Salgado, C. A.",
title="{The scale dependent nuclear effects in parton distributions for  practical
  applications}",
  eprint="9807297"
  archivePrefix = "hep-ph"
  journal = "Eur. Phys. J. C", 
  volume = "9", 
  pages = "61",
  year = "1999"
}

@article{Pumplin:2002vw,
     author = "Pumplin,J. and   Stump, D. R. and  Houston, J. and   Lai, H. L. and   Nadolsky, P. M. and 
Tung, W. K.", 
    title = "{New generation of parton distributions with uncertainties from global QCD analysis}",
    eprint = "0201195",
    archivePrefix = "arXiv:hep-ph",
    primaryClass = "hep-ph",
    journal = "JHEP", 
    volume = "0207", 
    pages = "12",
    year = "2002"
}

@article{Stump:2003yu,
     author = "Stump, D. R. and Houston, J. and  Pumplin, J. and  Tung, W. K. and  Lai, H. L. and 
 Kuhlmann, S. and  Owens, J. F.", 
    title = "{Inclusive jet production, parton distributions, and the search for new physics}",
    eprint = "0303013",
    archivePrefix = "arXiv:hep-ph",
    primaryClass = "hep-ph",
    journal = "Z. Phys. C", 
    volume = "0310", 
    pages = "046",
    year = "2003"
}


@article{Badier:1983dg,
     author = "Badier, J. and others  ", 
    collaboration = "NA3",
    title = "{Experimental \jpsi Hadronic Production From 150-Gev/C To 280-Gev/C    }",
    journal = "Z. Phys. C  ", 
    volume = "20 ", 
    pages = "101 ",
    year = "1983 "
}

@article{Alessandro:2006jt,
     author = "Alessandro, B. and others ", 
    collaboration = "NA50",
    title = "{  J/$\psi$ and $\psi^{'}$ production and their normal nuclear absorption in proton
  nucleus collisions at 400-GeV  }",
    eprint = "0612012 ",
    archivePrefix = "nucl-ex",
    primaryClass = "nucl-ex",
    journal = "Eur. Phys. J. C. ", 
    volume = "48 ", 
    pages = "329 ",
    year = "2006 "
}

@article{Alessandro:2003pc,
     author = "Alessandro, B. and others ", 
    collaboration = "NA50",
    title = "{  Charmonium production and nuclear absorption in p A interactions at 450-GeV  }",
    journal = "Eur. Phys. J. C. ", 
    volume = "33 ", 
    pages = "31 ",
    year = "2004 "

@article{daSilva:2009yy,
     author = "da Silva, C. L. and others " , 
    collaboration = "PHENIX",
    title = "{Quarkonia measurement in p+p and d+Au collisions at $\sqrt{s}$=200 GeV by
  PHENIX Detector}",
    eprint = "0907.4696 ",
    archivePrefix = "arXiv",
    primaryClass = "nucl-ex",
    journal = "Nucl. Phys. A ", 
    volume = "830 ", 
    pages = "227C ",
    year = "2009 "
}


@article{Leitch:1999ea, 
     author = "Leitch, M. J. and others ", 
    collaboration = "FNAL E866/NuSea ",
    title = "{  Measurement of J/$\psi$ and $\psi^{'}$ suppression in pA collisions at 800-GeV/c  }",
    eprint = "9909007 ",
    archivePrefix = "arXiv:nucl-ex",
    primaryClass = "nucl-ex",
    journal = "Phys. Rev. Lett. ", 
    volume = "84 ", 
    pages = "3256 ",
    year = "2000 "
}


@article{Abt:2008ya,
     author = "Abt, I. and others ", 
    collaboration = "HERA-B ", 
    title = "{ Kinematic distributions and nuclear effects of $J/\psi$ production in 920
  GeV fixed-target proton-nucleus collisions   }",
    eprint = "0812.0734 ",
    archivePrefix = "arXiv:hep-ex",
    primaryClass = "hep-ex",
    journal = "Eur. Phys. J. C. ", 
    volume = "60 ", 
    pages = "525 ",
    year = "2009 "
}

@article{Umeda:2002vr,
     author = "Umeda, T. and  Nomura, K. and Matsufuru, H.", 
    title = "{ Charmonium at finite temperature in quenched lattice QCD   }",
    eprint = "0211003 ",
    archivePrefix = "arXiv:hep-lat",
    primaryClass = "hep-lat",
    journal = "Eur. Phys. J. C ", 
    volume = "39S1 ", 
    pages = "9 ",
    year = "2005 "
}

@article{Asakawa:2003re,
     author = "Asakawa, M. and Hatsuda, T. ", 
    title = "{J/$\psi$ and $\eta_C$ in the deconfined plasma from lattice QCD    }",
    eprint = "0308034"
    archivePrefix = "arXiv:hep-lat",
    primaryClass = "hep-lat",
    journal = " "Phys. Rev. Lett. ", 
    volume = "92 ", 
    pages = "012001 ",
    year = "2004 "
}

@article{Datta:2003ww, 
     author = "Datta, S. and Karsch, F. and Petreczky, P. and Wetzorke, I. ", 
    title = "{ Behavior of charmonium systems after deconfinement   }",
    eprint = "0312037 ",
    archivePrefix = "arXiv:hep-lat",
    primaryClass = "hep-lat",
    journal = "Phys. Rev. D ", 
    volume = "69 ", 
    pages = "094507 ",
    year = "2004 "
}


@article{Jakovac:2006sf,
     author = "Jakov\'ac, A. and Petreczky, P. and  Petrov, K. and Velytsky, A. ", 
    title = "{  Quarkonium correlators and spectral functions at zero and finite
  temperature}",
    eprint = "0611017 ",
    archivePrefix = "arXiv:hep-lat",
    primaryClass = "hep-lat",
    journal = "Phys. Rev. D ", 
    volume = "75 ", 
    pages = "014506 ",
    year = "2007 "
}

@article{Aarts:2007pk,
     author = " Allton, C. and Oktay, M. B. and  Peardon, M. and Skullerud, J.I. ", 
    title = "{Charmonium at high temperature in two-flavor QCD}",
    eprint = "0705.2198 ",
    archivePrefix = "arXiv:",
    primaryClass = "hep-lat",
    journal = "Phys. Rev. D ", 
    volume = "76 ", 
    pages = "094513 ",
    year = "2007 "
}

@article{Wong:2004zr,
     author = "Wong, C. Y.", 
    title = "{Heavy quarkonia in quark gluon plasma}",
    journal = "Phys. Rev. C ", 
    volume = "72 ", 
    pages = "034906 ",
    year = "2005 "
}

@article{Mocsy:2005qw,
     author = "M\'ocsy, A. and Petreczky, P.", 
    title = "{Quarkonia correlators above deconfinement}",
    eprint = "0512156",
    archivePrefix = "arXiv:hep-ph",
    primaryClass = "hep-ph",
    journal = "Phys. Rev. D ", 
    volume = "73 ", 
    pages = "074007 ",
    year = "2006 "
}

@article{Mocsy:2004bv,
     author = "M\'ocsy, A. and Petreczky, P.", 
    title = "{Heavy quarkonia survival in potential model}",
    eprint = "0411262",
    archivePrefix = "arXiv:hep-ph",
    primaryClass = "hep-ph",
    journal = "Eur. Phys. J. C ", 
    volume = "43 ", 
    pages = "77 ",
    year = "2005 "
}

@article{Alberico:2006vw,
     author = "Alberico, W. M. and  Beraudo, A. and Pace, A. De. and Molinari, A.", 
    title = "{    }",
    journal = "Phys. Rev. D. ", 
    volume = "76 ", 
    pages = "114506 ",
    year = "2007 "
}

@article{Cabrera:2006wh,
     author = "Cabrera, D. and Rapp, R.", 
    title = "{T-matrix approach to quarkonium correlation functions in the QGP}",
    eprint = "0611134",
    archivePrefix = "arXiv:hep-ph",
    primaryClass = "hep-ph",
    journal = "Phys. Rev. D", 
    volume = "76 ", 
    pages = "114506 ",
    year = "2007 "
}

@article{Mocsy:2007yj,
     author = "M\'ocsy, A. and Petreczky, P. ", 
    title = "{ Can quarkonia survive deconfinement ?  }",
    eprint = "0705.2559 ",
    archivePrefix = "arXiv:hep-ph",
    primaryClass = "hep-ph",
    journal = "Phys. Rev. D ", 
    volume = "77 ", 
    pages = "014501 ",
    year = "2008 "
}

@article{Mocsy:2007jz,
     author = "M\'ocsy, A. and Petreczky, P. ", 
    title = "{Color Screening Melts Quarkonium}",
    eprint = "0705.2183 ",
    archivePrefix = "arXiv:hep-ph",
    primaryClass = "hep-ph",
    journal = "Phys. Rev. Lett. ", 
    volume = "99", 
    pages = "211602",
    year = "2007"
}

@article{Laine:2007qy,
     author = "Laine, M. and Philipsen, O. and Tassler, M. ", 
    title = "{Thermal imaginary part of a real-time static potential from classical
  lattice gauge theory simulations}",
    eprint = "0707.2458",
    archivePrefix = "arXiv:hep-ph",
    primaryClass = "hep-ph",
    journal = "JHEP", 
    volume = "0709", 
    pages = "066",
    year = "2007"
}

@article{Laine:2007gj,
     author = "Laine, M.", 
    title = "{A resummed perturbative estimate for the quarkonium spectral function in
  hot QCD }",
    eprint = "0704.1720",
    archivePrefix = "arXiv:hep-ph",
    primaryClass = "hep-ph",
    journal = "JHEP", 
    volume = "0705", 
    pages = "028",
    year = "2007"
}

@article{Laine:2008cf,
     author = "Laine, M.", 
    title = "{How to compute the thermal quarkonium spectral function from first
  principles?}",
    eprint = "0801.1112",
    archivePrefix = "arXiv:hep-ph",
    primaryClass = "hep-ph",
    journal = "Nucl. Phys. A", 
    volume = "820", 
    pages = "25C",
    year = "2009"
}

@article{Petreczky:2009ip,
     author = "Petreczky, P. ", 
    title = "{Recent progress in lattice QCD at finite temperature}",
    eprint = "0906.0502",
    archivePrefix = "arXiv:nucl-th",
    primaryClass = "nucl-th",
    journal = " ", 
    volume = " ", 
    pages = " ",
    year = " "
}

@article{Petreczky:2010yn,
     author = "Petreczky, P. ", 
    title = "{Quarkonium in Hot Medium}",
    eprint = "1001.5284",
    archivePrefix = "arXiv:hep-ph",
    primaryClass = "hep-ph",
    journal = "J. Phys. G. ", 
    volume = "37", 
    pages = "094009",
    year = "2010"
}

@article{Brambilla:2008cx,
     author = "Brambilla, N. and Ghiglieri, J. and  Vairo, A.  and Petreczky, P. ", 
    title = "{Static quark-antiquark pairs at finite temperature}",
    eprint = "0804.0993",
    archivePrefix = "arXiv:hep-ph",
    primaryClass = "hep-ph",
    journal = "Phys. Rev. D ", 
    volume = "78 ", 
    pages = "014017 ",
    year = "2008 "
}

@article{Kaczmarek:2002mc,
     author = "Kaczmarek, O. and  Karsch, F. and Petreczky, P. and Zantow, F.  ", 
    title = "{Heavy Quark Anti-Quark Free Energy and the Renormalized Polyakov Loop}",
    eprint = "0207002",
    archivePrefix = "arXiv:hep-lat",
    primaryClass = "hep-lat",
    journal = "Phys. Lett. B ", 
    volume = "543 ", 
    pages = "41 ",
    year = "2002 "
}



@article{Bali:1997am, 
     author = "Bali, G. S. and  Schilling, K.  and Wachter, A. ", 
    title = "{}",
    eprint = " ",
    archivePrefix = "arXiv:hep-lat",
    primaryClass = "hep-lat",
    journal = " Physical. Rev. D", 
    volume = "56 ", 
    pages = " 2566 ",
    year = " 1997"

}


@article{Grandchamp:2005yw,
     author = "Grandchamp, L. and  Lumpkins, S. and Sun, D. and van Hees, H and Rapp, R. ", 
    title = "{}",
    eprint = " ",
    archivePrefix = "arXiv:hep-lat",
    primaryClass = "hep-lat",
    journal = "Physical. Rev. C ", 
    volume = " ", 
    pages = "0649006 ",
    year = "2006 "
}


@article{Grandchamp:2002wp,
     author = "Grandchamp, L. and Rapp, R. ", 
    title = "{}",
    eprint = " ",
    archivePrefix = "arXiv:hep-lat",
    primaryClass = "hep-lat",
    journal = "Nucl. Phys. A ", 
    volume = " 709 ", 
    pages = "415 ",
    year = "2002 "
}

@article{Ye:2017qmstar,
     author = "Ye. Z {\it et.al.} ", 
    title = "{}",
    eprint = " ",
    archivePrefix = "arXiv:hep-lat",
    primaryClass = "hep-lat",
    journal = "Nucl. Phys. A ", 
    volume = " 967 ", 
    pages = "600 ",
    year = "2017 "
}

@article{Flores:2017qmcms, 
     author = "Flores, C.  ", 
    title = "{}",
    eprint = " ",
    archivePrefix = "arXiv:hep-lat",
    primaryClass = "hep-lat",
    journal = "Talk at Quark matter 2017 ", 
    volume = "  ", 
    pages = " ",
    year = " "
}

@article{rappqm17,
     author = "Du, X. and He, M. And Rapp, R. ", 
    title = "{}",
    eprint = " ",
    archivePrefix = "arXiv:hep-lat",
    primaryClass = "hep-lat",
    journal = "Nucl. Phys. A ", 
    volume = " 967 ", 
    pages = "904 ",
    year = "2017 "
}


@article{
     author = " ", 
    title = "{}",
    eprint = " ",
    archivePrefix = "arXiv:hep-lat",
    primaryClass = "hep-lat",
    journal = " ", 
    volume = " ", 
    pages = " ",
    year = " "
}







@article{CMS:2020efs,
    author = "Sirunyan, Albert M and others",
    collaboration = "CMS",
    title = "{Measurement of the azimuthal anisotropy of $\Upsilon$(1S) and $\Upsilon$(1S) mesons in PbPb collisions at $\sqrt{s_{_\mathrm{NN}}} =$ 5.02 TeV}",
    eprint = "2006.07707",
    archivePrefix = "arXiv",
    primaryClass = "hep-ex",
    reportNumber = "CMS-HIN-19-002, CERN-EP-2020-039",
    doi = "10.1016/j.physletb.2021.136385",
    journal = "Phys. Lett. B",
    volume = "819",
    pages = "136385",
    year = "2021"
}


@article{ALICE:2018wzm,
    author = "Acharya, Shreyasi and others",
    collaboration = "ALICE",
    title = "{$\Upsilon$ suppression at forward rapidity in Pb-Pb collisions at $\sqrt{s_{\rm NN}}$ = 5.02 TeV}",
    eprint = "1805.04387",
    archivePrefix = "arXiv",
    primaryClass = "nucl-ex",
    reportNumber = "CERN-EP-2018-114",
    doi = "10.1016/j.physletb.2018.11.067",
    journal = "Phys. Lett. B",
    volume = "790",
    pages = "89--101",
    year = "2019"
}


@article{STAR:2013kwk,
    author = "Adamczyk, L. and others",
    collaboration = "STAR",
    title = "{Suppression of $\Upsilon$ production in d+Au and Au+Au collisions at $\sqrt{s_{NN}}$=200 GeV}",
    eprint = "1312.3675",
    archivePrefix = "arXiv",
    primaryClass = "nucl-ex",
    doi = "10.1016/j.physletb.2014.06.028",
    journal = "Phys. Lett. B",
    volume = "735",
    pages = "127--137",
    year = "2014",
    note = "[Erratum: Phys.Lett.B 743, 537--541 (2015)]"
}


@article{He:2015hfa,
    author = "He, Liang and Edmonds, Terrence and Lin, Zi-Wei and Liu, Feng and Molnar, Denes and Wang, Fuqiang",
    title = "{Anisotropic parton escape is the dominant source of azimuthal anisotropy in transport models}",
    eprint = "1502.05572",
    archivePrefix = "arXiv",
    primaryClass = "nucl-th",
    doi = "10.1016/j.physletb.2015.12.051",
    journal = "Phys. Lett. B",
    volume = "753",
    pages = "506--510",
    year = "2016"
}

@article{Voloshin:1994mz,
    author = "Voloshin, S. and Zhang, Y.",
    title = "{Flow study in relativistic nuclear collisions by Fourier expansion of Azimuthal particle distributions}",
    eprint = "hep-ph/9407282",
    archivePrefix = "arXiv",
    doi = "10.1007/s002880050141",
    journal = "Z. Phys. C",
    volume = "70",
    pages = "665--672",
    year = "1996"
}


@article{ALICE:2019pox,
    author = "Acharya, Shreyasi and others",
    collaboration = "ALICE",
    title = "{Measurement of $\Upsilon(1{\rm S})$ elliptic flow at forward rapidity in Pb-Pb collisions at $\sqrt{s_{\rm{NN}}}=5.02$ TeV}",
    eprint = "1907.03169",
    archivePrefix = "arXiv",
    primaryClass = "nucl-ex",
    reportNumber = "CERN-EP-2019-144",
    doi = "10.1103/PhysRevLett.123.192301",
    journal = "Phys. Rev. Lett.",
    volume = "123",
    number = "19",
    pages = "192301",
    year = "2019"
}




@article{Laine:2007gj,
     author = "Laine, M.", 
    title = "{A resummed perturbative estimate for the quarkonium spectral function in
  hot QCD }",
    eprint = "0704.1720",
    archivePrefix = "arXiv:hep-ph",
    primaryClass = "hep-ph",
    journal = "JHEP", 
    volume = "0705", 
    pages = "028",
    year = "2007"
}

@article{Laine:2008cf,
     author = "Laine, M.", 
    title = "{How to compute the thermal quarkonium spectral function from first
  principles?}",
    eprint = "0801.1112",
    archivePrefix = "arXiv:hep-ph",
    primaryClass = "hep-ph",
    journal = "Nucl. Phys. A", 
    volume = "820", 
    pages = "25C",
    year = "2009"
}

@article{Petreczky:2009ip,
     author = "Petreczky, P. ", 
    title = "{Recent progress in lattice QCD at finite temperature}",
    eprint = "0906.0502",
    archivePrefix = "arXiv:nucl-th",
    primaryClass = "nucl-th",
    journal = " ", 
    volume = " ", 
    pages = " ",
    year = " "
}

@article{Petreczky:2010yn,
     author = "Petreczky, P. ", 
    title = "{Quarkonium in Hot Medium}",
    eprint = "1001.5284",
    archivePrefix = "arXiv:hep-ph",
    primaryClass = "hep-ph",
    journal = "J. Phys. G. ", 
    volume = "37", 
    pages = "094009",
    year = "2010"
}

@article{Brambilla:2008cx,
     author = "Brambilla, N. and Ghiglieri, J. and  Vairo, A.  and Petreczky, P. ", 
    title = "{Static quark-antiquark pairs at finite temperature}",
    eprint = "0804.0993",
    archivePrefix = "arXiv:hep-ph",
    primaryClass = "hep-ph",
    journal = "Phys. Rev. D ", 
    volume = "78 ", 
    pages = "014017 ",
    year = "2008 "
}

@article{Kaczmarek:2002mc,
     author = "Kaczmarek, O. and  Karsch, F. and Petreczky, P. and Zantow, F.  ", 
    title = "{Heavy Quark Anti-Quark Free Energy and the Renormalized Polyakov Loop}",
    eprint = "0207002",
    archivePrefix = "arXiv:hep-lat",
    primaryClass = "hep-lat",
    journal = "Phys. Lett. B ", 
    volume = "543 ", 
    pages = "41 ",
    year = "2002 "
}

@article{Dumitru:2007hy,
     author = " Dumitru, A. And Guo, Y. and Strickland, M.", 
    title = "{}",
    eprint = " ",
    archivePrefix = "",
    primaryClass = "",
    journal = "Phys. Lett. B ", 
    volume = "662 ", 
    pages = "37 ",
    year = "2009 "

}

@article{Kaczmarek:2004gv, 
     author = " Kaczmarek, O. and Karsch, F. and Zantow, F. and Petreczky, P. ", 
    title = "{}",
    eprint = " ",
    archivePrefix = "",
    primaryClass = "",
    journal = "Phys. Rev. D ", 
    volume = " 70 ", 
    pages = "074505 ",
    year = " 2004 "

}

@article{Bali:1997am, 
     author = "Bali, G. S. and  Schilling, K.  and Wachter, A. ", 
    title = "{}",
    eprint = " ",
    archivePrefix = "arXiv:hep-lat",
    primaryClass = "hep-lat",
    journal = " Physical. Rev. D", 
    volume = "56 ", 
    pages = " 2566 ",
    year = " 1997"
}


@article{ALICE:2020wwx,
    author = "Acharya, Shreyasi and others",
    collaboration = "ALICE",
    title = "{$\Upsilon$ production and nuclear modification at forward rapidity in Pb-Pb collisions at $\sqrt{s_{\rm{NN}}}=5.02$ TeV}",
    eprint = "2011.05758",
    archivePrefix = "arXiv",
    primaryClass = "nucl-ex",
    reportNumber = "CERN-EP-2020-207",
    doi = "10.1016/j.physletb.2021.136579",
    journal = "Phys. Lett. B",
    volume = "822",
    pages = "136579",
    year = "2021"
}



@article{CMS:2018zza,
    author = "Sirunyan, Albert M and others",
    collaboration = "CMS",
    title = "{Measurement of nuclear modification factors of $\Upsilon$(1S), $\Upsilon$(2S), and $\Upsilon$(3S) mesons in PbPb collisions at $\sqrt{s_{_\mathrm{NN}}} =$ 5.02 TeV}",
    eprint = "1805.09215",
    archivePrefix = "arXiv",
    primaryClass = "hep-ex",
    reportNumber = "CMS-HIN-16-023, CERN-EP-2018-110",
    doi = "10.1016/j.physletb.2019.01.006",
    journal = "Phys. Lett. B",
    volume = "790",
    pages = "270--293",
    year = "2019"
}





@article{Wang:2019vau,
    author = "Wang, Pengfei",
    editor = "Antinori, Federico and Dainese, Andrea and Giubellino, Paolo and Greco, Vincenzo and Lombardo, Maria Paola and Scomparin, Enrico",
    collaboration = "STAR",
    title = "{$\Upsilon$ measurements in Au+Au collisions at $\sqrt {s_{NN}}=$ 200GeV with the STAR experiment}",
    doi = "10.1016/j.nuclphysa.2018.09.025",
    journal = "Nucl. Phys. A",
    volume = "982",
    pages = "723--726",
    year = "2019"
}



@article{Braaten:2000cm,
    author = "Braaten, Eric and Fleming, Sean and Leibovich, Adam K.",
    title = "{NRQCD analysis of bottomonium production at the Tevatron}",
    eprint = "hep-ph/0008091",
    archivePrefix = "arXiv",
    reportNumber = "CMU-HEP-00-03, UTPT-00-07",
    doi = "10.1103/PhysRevD.63.094006",
    journal = "Phys. Rev. D",
    volume = "63",
    pages = "094006",
    year = "2001"
}


@article{ALICE:2020wwx,
    author = "Acharya, Shreyasi and others",
    collaboration = "ALICE",
    title = "{\Upsilon{} production and nuclear modification at forward rapidity in Pb\textendash{}Pb collisions at sNN=5.02TeV}",
    eprint = "2011.05758",
    archivePrefix = "arXiv",
    primaryClass = "nucl-ex",
    reportNumber = "CERN-EP-2020-207",
    doi = "10.1016/j.physletb.2021.136579",
    journal = "Phys. Lett. B",
    volume = "822",
    pages = "136579",
    year = "2021"
}

@article{Rapp:2017chc,
    author = "Rapp, Ralf and Du, Xiaojian",
    editor = "Heinz, Ulrich and Evdokimov, Olga and Jacobs, Peter",
    title = "{Theoretical Perspective on Quarkonia from SPS via RHIC to LHC}",
    eprint = "1704.07923",
    archivePrefix = "arXiv",
    primaryClass = "hep-ph",
    doi = "10.1016/j.nuclphysa.2017.05.097",
    journal = "Nucl. Phys. A",
    volume = "967",
    pages = "216--224",
    year = "2017"
}

@article{CMS:2013jsu,
    author = "Chatrchyan, Serguei and others",
    collaboration = "CMS",
    title = "{Event Activity Dependence of Y(nS) Production in $\sqrt{s_{NN}}$=5.02 TeV pPb and $\sqrt{s}$=2.76 TeV pp Collisions}",
    eprint = "1312.6300",
    archivePrefix = "arXiv",
    primaryClass = "nucl-ex",
    reportNumber = "CMS-HIN-13-003, CERN-PH-EP-2013-219",
    doi = "10.1007/JHEP04(2014)103",
    journal = "JHEP",
    volume = "04",
    pages = "103",
    year = "2014"
}


@article{
     author = " ", 
    title = "{}",
    eprint = " ",
    archivePrefix = "arXiv:hep-lat",
    primaryClass = "hep-lat",
    journal = " ", 
    volume = " ", 
    pages = " ",
    year = " "
}






@article{ATLAS:2011nal,
    author = "Aad, Georges and others",
    collaboration = "ATLAS",
    title = "{Measurement of the $\Upsilon$(1S) production cross-section in $pp$ collisions at $\sqrt{s}=$ 7 TeV in ATLAS}",
    eprint = "1106.5325",
    archivePrefix = "arXiv",
    primaryClass = "hep-ex",
    reportNumber = "CERN-PH-EP-2011-083",
    doi = "10.1016/j.physletb.2011.09.092",
    journal = "Phys. Lett. B",
    volume = "705",
    pages = "9--27",
    year = "2011"
}




@article{ATLAS:2012lmu,
    author = "Aad, Georges and others",
    collaboration = "ATLAS",
    title = "{Measurement of Upsilon production in 7 TeV pp collisions at ATLAS}",
    eprint = "1211.7255",
    archivePrefix = "arXiv",
    primaryClass = "hep-ex",
    reportNumber = "CERN-PH-EP-2012-295",
    doi = "10.1103/PhysRevD.87.052004",
    journal = "Phys. Rev. D",
    volume = "87",
    number = "5",
    pages = "052004",
    year = "2013"
}


@article{CMS:2013qur,
    author = "Chatrchyan, Serguei and others",
    collaboration = "CMS",
    title = "{Measurement of the $\Upsilon(1S), \Upsilon(2S)$, and $\Upsilon(3S)$ Cross Sections in $pp$ Collisions at $\sqrt{s}$ = 7 TeV}",
    eprint = "1303.5900",
    archivePrefix = "arXiv",
    primaryClass = "hep-ex",
    reportNumber = "CMS-BPH-11-001, CERN-PH-EP-2012-373",
    doi = "10.1016/j.physletb.2013.10.033",
    journal = "Phys. Lett. B",
    volume = "727",
    pages = "101--125",
    year = "2013"
}

@article{CMS:2017dju,
    author = "Sirunyan, A. M. and others",
    collaboration = "CMS",
    title = "{Measurement of quarkonium production cross sections in pp collisions at $\sqrt{s}=$ 13 TeV}",
    eprint = "1710.11002",
    archivePrefix = "arXiv",
    primaryClass = "hep-ex",
    reportNumber = "CMS-BPH-15-005, CERN-EP-2017-267",
    doi = "10.1016/j.physletb.2018.02.033",
    journal = "Phys. Lett. B",
    volume = "780",
    pages = "251--272",
    year = "2018"
}



@article{Krouppa:2016jcl,
    author = "Krouppa, Brandon and Strickland, Michael",
    title = "{Predictions for bottomonia suppression in 5.023 TeV Pb-Pb collisions}",
    eprint = "1605.03561",
    archivePrefix = "arXiv",
    primaryClass = "hep-ph",
    doi = "10.3390/universe2030016",
    journal = "Universe",
    volume = "2",
    number = "3",
    pages = "16",
    year = "2016"
}


@article{Krouppa:2018lkt,
    author = "Krouppa, Brandon and Rothkopf, Alexander and Strickland, Michael",
    editor = "Antinori, Federico and Dainese, Andrea and Giubellino, Paolo and Greco, Vincenzo and Lombardo, Maria Paola and Scomparin, Enrico",
    title = "{Bottomonium suppression at RHIC and LHC}",
    eprint = "1807.07452",
    archivePrefix = "arXiv",
    primaryClass = "hep-ph",
    doi = "10.1016/j.nuclphysa.2018.09.034",
    journal = "Nucl. Phys. A",
    volume = "982",
    pages = "727--730",
    year = "2019"
}


@article{CMS:2022wfi,
    author = "Tumasyan, Armen and others",
    collaboration = "CMS",
    title = "{Nuclear modification of $\Upsilon$ states in pPb collisions at $\sqrt{s_\mathrm{NN}}$ = 5.02 TeV}",
    eprint = "2202.11807",
    archivePrefix = "arXiv",
    primaryClass = "hep-ex",
    reportNumber = "CMS-HIN-18-005, CERN-EP-2020-181",
    month = "2",
    year = "2022"
}

@article{CMS:2020fae,
    author = "Sirunyan, Albert M and others",
    collaboration = "CMS",
    title = "{Investigation into the event-activity dependence of $\Upsilon$(nS) relative production in proton-proton collisions at $ \sqrt{s} $ = 7 TeV}",
    eprint = "2007.04277",
    archivePrefix = "arXiv",
    primaryClass = "hep-ex",
    reportNumber = "CMS-BPH-14-009, CERN-EP-2020-075",
    doi = "10.1007/JHEP11(2020)001",
    journal = "JHEP",
    volume = "11",
    pages = "001",
    year = "2020"
}



@article{PhysRevLett.39.252,
  title = {Observation of a Dimuon Resonance at 9.5 GeV in 400-GeV Proton-Nucleus Collisions},
  author = {Herb, S. W. and Hom, D. C. and Lederman, L. M. and Sens, J. C. and Snyder, H. D. and Yoh, J. K.
  and Appel, J. A. and Brown, B. C. and Brown, C. N. and Innes, W. R. and Ueno, K. and Yamanouchi, T. and Ito,
  A. S. and J\"ostlein, H. and Kaplan, D. M. and Kephart, R. D.},
  journal = {Phys. Rev. Lett.},
  volume = {39},
  issue = {5},
  pages = {252--255},
  numpages = {0},
  year = {1977},
  month = {Aug},
  publisher = {American Physical Society},
  doi = {10.1103/PhysRevLett.39.252},
  url = {https://link.aps.org/doi/10.1103/PhysRevLett.39.252}
}

@article{CDF:1995gwi,
    author = "Abe, F. and others",
    collaboration = "CDF",
    title = "{$\Upsilon$ production in $p\bar{p}$ collisions at $\sqrt{s} = 1.8$ TeV}",
    reportNumber = "FERMILAB-PUB-95-271-E, CDF-PUB-BOTTOM-PUBLIC-3215",
    doi = "10.1103/PhysRevLett.75.4358",
    journal = "Phys. Rev. Lett.",
    volume = "75",
    pages = "4358",
    year = "1995"
}


@article{CDF:2001fdy,
    author = "Acosta, D. and others",
    collaboration = "CDF",
    title = "{$\Upsilon$ Production and Polarization in $p\bar{p}$ Collisions at $\sqrt{s}=$ 1.8-TeV}",
    reportNumber = "FERMILAB-PUB-01-355-E",
    doi = "10.1103/PhysRevLett.88.161802",
    journal = "Phys. Rev. Lett.",
    volume = "88",
    pages = "161802",
    year = "2002"
}



@article{D0:2005klj,
    author = "Abazov, V. M. and others",
    collaboration = "D0",
    title = "{Measurement of inclusive differential cross sections for $\Upsilon_{1S}$ production 
in $p \bar{p}$ collisions at $\sqrt{s}$ = 1.96-TeV}",
    eprint = "hep-ex/0502030",
    archivePrefix = "arXiv",
    reportNumber = "FERMILAB-PUB-05-020-E",
    doi = "10.1103/PhysRevLett.94.232001",
    journal = "Phys. Rev. Lett.",
    volume = "94",
    pages = "232001",
    year = "2005",
    note = "[Erratum: Phys.Rev.Lett. 100, 049902 (2008)]"
}


@article{CMS:2010wld,
    author = "Khachatryan, Vardan and others",
    collaboration = "CMS",
    title = "{Upsilon Production Cross-Section in pp Collisions at $\sqrt{s}$=7 TeV}",
    eprint = "1012.5545",
    archivePrefix = "arXiv",
    primaryClass = "hep-ex",
    reportNumber = "CERN-PH-EP-2010-055, CMS-BPH-10-003",
    doi = "10.1103/PhysRevD.83.112004",
    journal = "Phys. Rev. D",
    volume = "83",
    pages = "112004",
    year = "2011"
}



@article{CMS:2015xqv,
    author = "Khachatryan, Vardan and others",
    collaboration = "CMS",
    title = "{Measurements of the $\Upsilon$(1S), $\Upsilon$(2S), and $\Upsilon$(3S) differential cross 
sections in pp collisions at $\sqrt{s} =$ 7 TeV}",
    eprint = "1501.07750",
    archivePrefix = "arXiv",
    primaryClass = "hep-ex",
    reportNumber = "CMS-BPH-12-006, CERN-PH-EP-2015-007",
    doi = "10.1016/j.physletb.2015.07.037",
    journal = "Phys. Lett. B",
    volume = "749",
    pages = "14--34",
    year = "2015"
}


@article{ATLAS:2012lmu,
    author = "Aad, Georges and others",
    collaboration = "ATLAS",
    title = "{Measurement of Upsilon production in 7 TeV pp collisions at ATLAS}",
    eprint = "1211.7255",
    archivePrefix = "arXiv",
    primaryClass = "hep-ex",
    reportNumber = "CERN-PH-EP-2012-295",
    doi = "10.1103/PhysRevD.87.052004",
    journal = "Phys. Rev. D",
    volume = "87",
    number = "5",
    pages = "052004",
    year = "2013"
}



@article{D0:2008yos,
    author = "Abazov, V. M. and others",
    collaboration = "D0",
    title = "{Measurement of the polarization of the $\Upsilon(1S)$ and $\Upsilon(2S)$ states 
in $p \bar{p}$ collisions at $\sqrt{s}$ = 1.96-TeV}",
    eprint = "0804.2799",
    archivePrefix = "arXiv",
    primaryClass = "hep-ex",
    reportNumber = "FERMILAB-PUB-08-089-E",
    doi = "10.1103/PhysRevLett.101.182004",
    journal = "Phys. Rev. Lett.",
    volume = "101",
    pages = "182004",
    year = "2008"
}


@article{CDF:2011ag,
    author = "Aaltonen, T. and others",
    collaboration = "CDF",
    title = "{Measurements of Angular Distributions of Muons From $\Upsilon$ Meson Decays 
in $p\bar{p}$ Collisions at $\sqrt{s}=1.96$ TeV}",
    eprint = "1112.1591",
    archivePrefix = "arXiv",
    primaryClass = "hep-ex",
    reportNumber = "FERMILAB-PUB-11-644-E",
    doi = "10.1103/PhysRevLett.108.151802",
    journal = "Phys. Rev. Lett.",
    volume = "108",
    pages = "151802",
    year = "2012"
}



@article{CMS:2012bpf,
    author = "Chatrchyan, Serguei and others",
    collaboration = "CMS",
    title = "{Measurement of the $Y(1S), Y(2S)$ and $Y(3S)$ Polarizations in $pp$ Collisions at $\sqrt{s}=7$ TeV}",
    eprint = "1209.2922",
    archivePrefix = "arXiv",
    primaryClass = "hep-ex",
    reportNumber = "CMS-BPH-11-023, CERN-PH-EP-2012-205",
    doi = "10.1103/PhysRevLett.110.081802",
    journal = "Phys. Rev. Lett.",
    volume = "110",
    number = "8",
    pages = "081802",
    year = "2013"
}


@article{Cheung:2018upe,
    author = "Cheung, Vincent and Vogt, Ramona",
    title = "{Production and polarization of prompt $\varUpsilon$($n$S) in the improved color evaporation model using the $k_T$-factorization approach}",
    eprint = "1811.11570",
    archivePrefix = "arXiv",
    primaryClass = "hep-ph",
    doi = "10.1103/PhysRevD.99.034007",
    journal = "Phys. Rev. D",
    volume = "99",
    number = "3",
    pages = "034007",
    year = "2019"
}





@article{frag,
    author = "Braaten, E. and Yuan, T.",
    title = "{Gluon Fragmentation into Heavy Quarkonium}",
    eprint = "hep-ph/9303205",
    archivePrefix = "arXiv",
    primaryClass = "hep-ph",
    reportNumber = "",
    doi = "https://journals.aps.org/prl/abstract/10.1103/PhysRevLett.71.1673",
    journal = "Phys. Rev. Lett.",
    volume = "71",
    pages = "1673",
    year = "1993"
}

@article{frag1,
    author = "Sridhar, K.",
    title = "{Quarkonium production via fragmentation: A Review}",
    eprint = "hep-ph/9511433",
    archivePrefix = "arXiv",
    primaryClass = "hep-ph",
    reportNumber = "",
    doi = "",
    journal = "",
    volume = "",
    pages = "",
    year = ""
}

@article{kt1,
    author = "Baranov, S. P.",
    title = "{Topics in associated J/$\psi\rightarrow$ c $\overline{c}$  production at modern colliders.}",
    eprint = "",
    archivePrefix = "",
    primaryClass = "",
    reportNumber = "",
    doi = "",
    journal = "Phys. Rev. D",
    volume = "73",
    pages = "074021",
    year = "2006"
}

@article{kt2,
    author = "Baranov, S. P.",
    title = "{Associated $\Upsilon + b + {\bar b}$ production at the Fermilab Tevatron and ERN LHC}",
    eprint = "",
    archivePrefix = "",
    primaryClass = "",
    reportNumber = "",
    doi = "",
    journal = "Phys. Rev. D",
    volume = "74",
    pages = "074021",
    year = "2006"
}




@article{kt3,
    author = "Baranov, S. P. and Lipatov, A. P. and Zotov, N. P.",
    title = "{Prompt $\Jpsi$ production at LHC: new evidence for the $k_T$-factorization}",
    eprint = "1108.2856",
    archivePrefix = "hep-ph",
    primaryClass = "",
    reportNumber = "",
    doi = "https://journals.aps.org/prd/abstract/10.1103/PhysRevD.85.014034",
    journal = "Phys. Rev. D",
    volume = "85",
    pages = "014034",
    year = "2012"
}
